@book{hermanson2020anatomy,
    author    = {Hermanson, John W and de Lahunta, Alexander},
    date      = {2020},
    edition   = {5th ed.},
    location  = {St. Louis, Missouri},
    publisher = {Elsevier},
    title     = {Miller and Evans' Anatomy of the Dog},
}

@book{vet2007ophthal,
    author    = {Gelatt, Kirk N},
    date      = {2007},
    edition   = {4th ed.},
    location  = {Ames, IA},
    publisher = {Blackwell Publishing},
    title     = {Veterinary Ophthalmology},
}

@article{mellersh2014genetics,
    author       = {Mellersh, Cathryn S},
    date         = {2014},
    journaltitle = {Canine genetics and epidemiology},
    number       = {1},
    pages        = {1--14},
    publisher    = {BioMed Central},
    title        = {The genetics of eye disorders in the dog},
    volume       = {1},
}

@article{petersen2005advances,
    author       = {Petersen-Jones, Simon M},
    date         = {2005},
    journaltitle = {Journal of Small Animal Practice},
    number       = {8},
    pages        = {371--380},
    publisher    = {Wiley Online Library},
    title        = {Advances in the molecular understanding of canine retinal diseases},
    volume       = {46},
}
